<record><leader>00000cas a22000007a 4500</leader><controlfield tag="001">12566586</controlfield><controlfield tag="008">850917d1831183unyucr ne      0    0eng d</controlfield><datafield ind1=" " ind2=" " tag="010"><subfield code="a">sn 85026784 </subfield></datafield><datafield ind1=" " ind2=" " tag="040"><subfield code="a">NPX</subfield><subfield code="b">eng</subfield><subfield code="c">NPX</subfield><subfield code="d">NVF</subfield><subfield code="d">OCLCQ</subfield></datafield><datafield ind1=" " ind2=" " tag="042"><subfield code="a">msc</subfield></datafield><datafield ind1="0" ind2=" " tag="130"><subfield code="a">Troy watchman (Troy, N.Y. : Semiweekly)</subfield></datafield><datafield ind1="1" ind2="4" tag="245"><subfield code="a">The Troy watchman.</subfield></datafield><datafield ind1=" " ind2=" " tag="260"><subfield code="a">Troy [N.Y.] :</subfield><subfield code="b">Allen Fisk,</subfield><subfield code="c">1831-</subfield></datafield><datafield ind1=" " ind2=" " tag="300"><subfield code="a">v.</subfield></datafield><datafield ind1=" " ind2=" " tag="310"><subfield code="a">Semiweekly</subfield></datafield><datafield ind1="0" ind2=" " tag="362"><subfield code="a">Vol. 2, no. 1 (Apr. 26, 1831)-</subfield></datafield><datafield ind1=" " ind2=" " tag="500"><subfield code="a">Printer: Eli Wellington, &lt;1831&gt;.</subfield></datafield><datafield ind1=" " ind2=" " tag="500"><subfield code="a">"Anti-Masonic."</subfield></datafield><datafield ind1=" " ind2=" " tag="515"><subfield code="a">Numbering sometimes irregular.</subfield></datafield><datafield ind1=" " ind2=" " tag="752"><subfield code="a">United States</subfield><subfield code="b">New York</subfield><subfield code="c">Rensselaer</subfield><subfield code="d">Troy.</subfield></datafield><datafield ind1="0" ind2=" " tag="775"><subfield code="t">Troy watchman (Troy, N.Y. : Weekly)</subfield><subfield code="w">(DLC)sn 83031783</subfield></datafield><datafield ind1="0" ind2="0" tag="780"><subfield code="t">Northern watchman (Troy, N.Y.)</subfield><subfield code="w">(DLC)sn 83031781</subfield></datafield><datafield ind1="0" ind2="0" tag="785"><subfield code="t">Troy watchman. For the country</subfield><subfield code="w">(DLC)sn 85026785</subfield></datafield></record>